<record><leader>00000cas a22000007a 4500</leader><controlfield tag="001">19752303</controlfield><controlfield tag="008">890523d19541972mouwr ne      0    0eng d</controlfield><datafield ind1=" " ind2=" " tag="010"><subfield code="a">sn 89066569 </subfield></datafield><datafield ind1=" " ind2=" " tag="040"><subfield code="a">MQN</subfield><subfield code="b">eng</subfield><subfield code="c">MQN</subfield><subfield code="d">OCLCQ</subfield></datafield><datafield ind1=" " ind2=" " tag="042"><subfield code="a">msc</subfield></datafield><datafield ind1="0" ind2="4" tag="245"><subfield code="a">The Lewis County journal and the Lewistown news.</subfield></datafield><datafield ind1="3" ind2="0" tag="246"><subfield code="a">Lewis County journal</subfield></datafield><datafield ind1=" " ind2=" " tag="260"><subfield code="a">Canton, Mo. :</subfield><subfield code="b">L.L. Dimmitt,</subfield><subfield code="c">1954-1972.</subfield></datafield><datafield ind1=" " ind2=" " tag="300"><subfield code="a">v.</subfield></datafield><datafield ind1=" " ind2=" " tag="310"><subfield code="a">Weekly</subfield></datafield><datafield ind1="0" ind2=" " tag="362"><subfield code="a">Vol. 75, no. 19 (Mar. 4, 1954)-v. 94, no. 13 (Dec. 28, 1972).</subfield></datafield><datafield ind1=" " ind2=" " tag="515"><subfield code="a">Continues numbering of: Lewis County journal.</subfield></datafield><datafield ind1=" " ind2="4" tag="651"><subfield code="a">Lewis County (Mo.)</subfield><subfield code="v">Newspapers.</subfield></datafield><datafield ind1=" " ind2=" " tag="752"><subfield code="a">United States</subfield><subfield code="b">Missouri</subfield><subfield code="c">Lewis</subfield><subfield code="d">Canton.</subfield></datafield><datafield ind1=" " ind2=" " tag="752"><subfield code="a">United States</subfield><subfield code="b">Missouri</subfield><subfield code="c">Lewis</subfield><subfield code="d">Monticello.</subfield></datafield><datafield ind1="0" ind2="4" tag="780"><subfield code="t">Lewis County journal</subfield><subfield code="w">(DLC)sn 89066568</subfield></datafield><datafield ind1="0" ind2="4" tag="780"><subfield code="t">Lewistown news</subfield><subfield code="w">(DLC)sn 92059001</subfield></datafield><datafield ind1="0" ind2="7" tag="785"><subfield code="t">Canton press-news and the Canton record</subfield><subfield code="w">(DLC)sn 89066573</subfield></datafield><datafield ind1="0" ind2="7" tag="785"><subfield code="t">Canton press-news and the Lewis County journal</subfield><subfield code="w">(DLC)sn 89066574</subfield></datafield><datafield ind1="1" ind2=" " tag="029"><subfield code="a">AU@</subfield><subfield code="b">000020562170</subfield></datafield></record>